<?xml version="1.0" encoding="UTF-8"?>
  <record xmlns="http://www.loc.gov/MARC21/slim" type="Authority">
    <leader>00000nz  a2200000nc 4500</leader>
    <controlfield tag="001">123315980</controlfield>
    <controlfield tag="003">DE-101</controlfield>
    <controlfield tag="005">20080406123904.0</controlfield>
    <controlfield tag="008">011031n||aznnnaabn           | aaa    |c</controlfield>
    <datafield tag="024" ind1="7" ind2=" ">
      <subfield code="a">123315980</subfield>
      <subfield code="0">http://d-nb.info/gnd/123315980</subfield>
      <subfield code="2">gnd</subfield>
    </datafield>
    <datafield tag="035" ind1=" " ind2=" ">
      <subfield code="a">(DE-101)123315980</subfield>
    </datafield>
    <datafield tag="035" ind1=" " ind2=" ">
      <subfield code="a">(DE-588)123315980</subfield>
    </datafield>
    <datafield tag="035" ind1=" " ind2=" ">
      <subfield code="z">(DE-588a)123315980</subfield>
      <subfield code="9">v:zg</subfield>
    </datafield>
    <datafield tag="040" ind1=" " ind2=" ">
      <subfield code="a">DE-12</subfield>
      <subfield code="c">DE-12</subfield>
      <subfield code="9">r:DE-12</subfield>
      <subfield code="b">ger</subfield>
      <subfield code="d">0547</subfield>
    </datafield>
    <datafield tag="042" ind1=" " ind2=" ">
      <subfield code="a">gnd1</subfield>
    </datafield>
    <datafield tag="075" ind1=" " ind2=" ">
      <subfield code="b">p</subfield>
      <subfield code="2">gndgen</subfield>
    </datafield>
    <datafield tag="075" ind1=" " ind2=" ">
      <subfield code="b">piz</subfield>
      <subfield code="2">gndspec</subfield>
    </datafield>
    <datafield tag="079" ind1=" " ind2=" ">
      <subfield code="a">g</subfield>
      <subfield code="q">a</subfield>
      <subfield code="q">f</subfield>
    </datafield>
    <datafield tag="100" ind1="1" ind2=" ">
      <subfield code="a">Bünau, Rudolph &#152;von&#156;</subfield>
    </datafield>
    <datafield tag="400" ind1="1" ind2=" ">
      <subfield code="a">Bünaw, Rudolf &#152;von&#156;</subfield>
    </datafield>
    <datafield tag="400" ind1="1" ind2=" ">
      <subfield code="a">Bünau, Rudolf &#152;von&#156;</subfield>
    </datafield>
    <datafield tag="400" ind1="1" ind2=" ">
      <subfield code="a">Bünaw in Nedeschitz, Rudolphus &#152;a&#156;</subfield>
    </datafield>
    <datafield tag="400" ind1="1" ind2=" ">
      <subfield code="a">Bünaw, Rudolphus &#152;a&#156;</subfield>
    </datafield>
    <datafield tag="400" ind1="1" ind2=" ">
      <subfield code="a">Bunau, Rudolph &#152;von&#156;</subfield>
    </datafield>
    <datafield tag="400" ind1="1" ind2=" ">
      <subfield code="a">Bunau, Rudolf &#152;von&#156;</subfield>
    </datafield>
    <datafield tag="548" ind1=" " ind2=" ">
      <subfield code="a">1601</subfield>
      <subfield code="4">datw</subfield>
      <subfield code="4">https://d-nb.info/standards/elementset/gnd#periodOfActivity</subfield>
      <subfield code="w">r</subfield>
      <subfield code="i">Wirkungsdaten</subfield>
    </datafield>
    <datafield tag="667" ind1=" " ind2=" ">
      <subfield code="a">27</subfield>
    </datafield>
    <datafield tag="667" ind1=" " ind2=" ">
      <subfield code="a">VD-17</subfield>
    </datafield>
    <datafield tag="672" ind1=" " ind2="0">
      <subfield code="a">Schröer, Johann Friedrich: Miscellaneae Iuris Controversi Propositiones. - 1601</subfield>
    </datafield>
    <datafield tag="678" ind1=" " ind2=" ">
      <subfield code="b">Herr in Netschitz; jur. Respondent in Jena</subfield>
    </datafield>
    <datafield tag="913" ind1=" " ind2=" ">
      <subfield code="S">pnd</subfield>
      <subfield code="i">a</subfield>
      <subfield code="a">Bünau, Rudolph /von</subfield>
      <subfield code="0">(DE-588a)123315980</subfield>
    </datafield>
  </record>
